@misc{fft,
    title = {Cal {P}oly {G}ithub},
    note = {\url{http://www.github.com/CalPoly}}
}

@inproceedings{zhou2018stereo,
    Author = {Zhou, Tinghui and Tucker, Richard and Flynn, John and Fyffe, Graham and Snavely, Noah},
    Title = {Stereo Magnification: Learning View Synthesis using Multiplane Images},
    Booktitle = {SIGGRAPH},
    Year = {2018},
    note = {\url{https://tinghuiz.github.io/projects/mpi/}
    \url{https://google.github.io/realestate10k/}}
}

@InProceedings{single_view_mpi,
    author = {Tucker, Richard and Snavely, Noah},
    title = {Single-view View Synthesis with Multiplane Images},
    booktitle = {The IEEE Conference on Computer Vision and Pattern Recognition (CVPR)},
    month = {June},
    year = {2020},
    note = {\url{https://single-view-mpi.github.io/}}
}

@inproceedings{layered_depth_images,
    author = {Shade, Jonathan and Gortler, Steven and He, Li-wei and Szeliski, Richard},
    title = {Layered Depth Images},
    year = {1998},
    isbn = {0897919998},
    publisher = {Association for Computing Machinery},
    address = {New York, NY, USA},
    url = {https://doi.org/10s.1145/280814.280882},
    doi = {10.1145/280814.280882},
    booktitle = {Proceedings of the 25th Annual Conference on Computer Graphics and Interactive Techniques},
    pages = {231â€“242},
    numpages = {12},
    series = {SIGGRAPH '98}
}

@inproceedings{li2019learning,
    title = {Learning the Depths of Moving People by Watching Frozen People},
    author = {Zhengqi Li and Tali Dekel and Forrester Cole and Richard Tucker and Noah Snavely and Ce Liu and William T. Freeman},
    year = {2019},
    booktitle = {Proceedings of the IEEE Conference on Computer Vision and Pattern Recognition (CVPR)},
    note = {\url{https://mannequin-depth.github.io/}
    \url{https://google.github.io/mannequinchallenge/}}
}

@ARTICLE{wang_ssmi_psnr,
    author = {Zhou Wang and Bovik, A.C. and Sheikh, H.R. and Simoncelli, E.P.},
    journal = {IEEE Transactions on Image Processing},   title={Image quality assessment: from error visibility to structural similarity},   year={2004},  volume = {13},  number={4},  pages={600-612},  doi={10.1109/TIP.2003.819861}}

@inproceedings{zhang2018perceptual,
    title = {The Unreasonable Effectiveness of Deep Features as a Perceptual Metric},
    author = {Zhang, Richard and Isola, Phillip and Efros, Alexei A and Shechtman, Eli and Wang, Oliver},
    booktitle = {CVPR},
    year = {2018}
}

@INPROCEEDINGS{deep_stereo_2016,  
    author = {Flynn, John and Neulander, Ivan and Philbin, James and Snavely, Noah},  
    booktitle = {2016 IEEE Conference on Computer Vision and Pattern Recognition (CVPR)},   
    title = {Deep Stereo: Learning to Predict New Views from the World's Imagery},   
    year = {2016},  
    volume = {},  
    number = {},  
    pages = {5515-5524},  
    doi = {10.1109/CVPR.2016.595},
    note = {\url{https://ieeexplore.ieee.org/document/7780964}}
}

@article{kalantari_2016,
    author  = {Nima Khademi Kalantari and Ting-Chun Wang and Ravi Ramamoorthi},
    title   = {Learning-Based View Synthesis for Light Field Cameras},
    journal = {ACM Transactions on Graphics (Proceedings of SIGGRAPH Asia 2016)},
    volume  = {35},
    number  = {6},
    year    = {2016},
    note    = {\url{https://cseweb.ucsd.edu/~viscomp/projects/LF/papers/SIGASIA16/}}
}

@article{fidler_depth_2021,
	title = {Depth from {Two} {Views}: {Stereo}},
	language = {en},
	author = {Fidler, Sanja},
	pages = {1-43},
	note = {\url{http://www.cs.toronto.edu/~fidler/slides/2021Winter/CSC420/lecture12.pdf}}
}

@inproceedings{collins_space-sweep_1996,
	address = {San Francisco, CA, USA},
	title = {A space-sweep approach to true multi-image matching},
	isbn = {978-0-8186-7259-0},
	doi = {10.1109/CVPR.1996.517097},
	language = {en},
	urldate = {2021-10-06},
	booktitle = {Proceedings {CVPR} {IEEE} {Computer} {Society} {Conference} on {Computer} {Vision} and {Pattern} {Recognition}},
	publisher = {IEEE},
	author = {Collins, R.T.},
	year = {1996},
	pages = {358--363},
	note = {\url{http://ieeexplore.ieee.org/document/517097/}}
}

